@article{Gupta2014Dec,
	author = {Gupta, Ankit and Khammash, Mustafa},
	title = {{An efficient and unbiased method for sensitivity analysis of stochastic reaction networks}},
	journal = {J. R. Soc. Interface},
	year = {2014},
	month = {Dec},
	publisher = {The Royal Society},
	doi = {10.1098/rsif.2014.0979}
}

@article{Marrel2011May,
	author = {Marrel, Amandine and Iooss, Bertrand and Jullien, Michel and Laurent, B{\ifmmode\acute{e}\else\'{e}\fi}atrice and Volkova, Elena},
	title = {{Global sensitivity analysis for models with spatially dependent outputs}},
	journal = {Environmetrics},
	volume = {22},
	number = {3},
	pages = {383--397},
	year = {2011},
	month = {May},
	issn = {1180-4009},
	publisher = {John Wiley {\&} Sons, Ltd},
	doi = {10.1002/env.1071}
}

@article{Flandin2008Apr,
	author = {Flandin, Guillaume and Friston, Karl J.},
	title = {{Statistical parametric mapping (SPM)}},
	journal = {Scholarpedia},
	volume = {3},
	number = {4},
	pages = {6232},
	year = {2008},
	month = {Apr},
	issn = {1941-6016},
	doi = {10.4249/scholarpedia.6232}
}


@article{Panunzio2018Dec,
	author = {Panunzio, Alfonso M. and Cottereau, R{\ifmmode\acute{e}\else\'{e}\fi}gis and Puel, Guillaume},
	title = {{Large scale random fields generation using localized Karhunen{\textendash}Lo{\ifmmode\grave{e}\else\`{e}\fi}ve expansion}},
	journal = {Adv. Model. and Simul. in Eng. Sci.},
	volume = {5},
	number = {1},
	pages = {1--29},
	year = {2018},
	month = {Dec},
	issn = {2213-7467},
	publisher = {SpringerOpen},
	doi = {10.1186/s40323-018-0114-7}
}

@misc{KarhunenWiki,
	title = {{Karhunen{\textendash}Lo{\ifmmode\grave{e}\else\`{e}\fi}ve theorem - Wikipedia}},
	year = {2020},
	month = {Feb},
	note = {[Online; accessed 25. Feb. 2020]},
	url = {https://en.wikipedia.org/wiki/Karhunen%E2%80%93Lo%C3%A8ve_theorem}
}

@article{Pereira2018May,
	author = {Pereira, Mike and Desassis, Nicolas},
	title = {{Efficient simulation of Gaussian Markov random fields by Chebyshev polynomial approximation}},
	journal = {arXiv},
	year = {2018},
	month = {May},
	eprint = {1805.07423},
	url = {https://arxiv.org/abs/1805.07423}
}

@article{Wei2017May,
	author = {Wei, Pengfei and Wang, Yanyan and Tang, Chenghu},
	title = {{Time-variant global reliability sensitivity analysis of structures with both input random variables and stochastic processes}},
	journal = {Struct. Multidiscip. Optim.},
	volume = {55},
	number = {5},
	pages = {1883--1898},
	year = {2017},
	month = {May},
	issn = {1615-1488},
	publisher = {Springer Berlin Heidelberg},
	doi = {10.1007/s00158-016-1598-8}
}


@misc{Vink2020Feb,
	author = {Vink, Ritchie},
	title = {{A nonlinear water accumulation analysis in Python - Ritchie Vink}},
	year = {2020},
	month = {Feb},
	note = {[Online; accessed 2. Mar. 2020]},
	url = {https://www.ritchievink.com/blog/2017/08/23/a-nonlinear-water-accumulation-analysis-in-python}
}

@article{Lilburne2009Feb,
	author = {Lilburne, Linda and Tarantola, Stefano},
	title = {{Sensitivity analysis of spatial models}},
	journal = {International Journal of Geographical Information Science},
	volume = {23},
	number = {2},
	pages = {151--168},
	year = {2009},
	month = {Feb},
	issn = {1365-8816},
	publisher = {Taylor {\&} Francis},
	doi = {10.1080/13658810802094995}
}

@article{OpenTURNS,
	author={MichaÃ«l Baudin, Anne Dutfoy, Bertrand Iooss and Anne-Laure Popelin},
	title={OpenTURNS: An industrial software for uncertainty quantification in simulation},
	year={2015}
}

@article{Sudret2000Jan,
	author = {Sudret, Bruno and Kiureghian, Armen Der},
	title = {{Stochastic Finite Element Methods and Reliability A State-of-the-Art Report}},
	journal = {ResearchGate},
	year = {2000},
	month = {Jan},
	url = {https://www.researchgate.net/publication/267681136_Stochastic_Finite_Element_Methods_and_Reliability_A_State-of-the-Art_Report}
}

@article{Pronzato2019Jul,
	author = {Pronzato, Luc},
	title = {{Sensitivity analysis via Karhunen{\textendash}Lo{\ifmmode\grave{e}\else\`{e}\fi}ve expansion of a random field model: Estimation of Sobol{'} indices and experimental design}},
	journal = {Reliab. Eng. Syst. Saf.},
	volume = {187},
	pages = {93--109},
	year = {2019},
	month = {Jul},
	issn = {0951-8320},
	publisher = {Elsevier},
	doi = {10.1016/j.ress.2018.01.010}
}